%# -*- coding: utf-8 -*-

% ------------------------------------------------------------------------
% 参考文献
% ------------------------------------------------------------------------
%
% https://www.overleaf.com/learn/latex/Bibliography_management_with_bibtex
%

@MANUAL{valgrind-man,
  TITLE =        {Valgrind User Manual: http://www.valgrind.org/docs/manual/manual.html},
  edition =      {3.5.0},
  month =        8,
  year =         2009,
}

@MANUAL{gdb-man,
  TITLE =       {GDB User Manual: http://sourceware.org/gdb/current/onlinedocs/gdb/},
  edition =     {7.0},
  month   =     2,
  year    =     2010
}

@ARTICLE{intel-thread-checker,
  TITLE =       {Intel Thread Checker: http://software.intel.com/en-us/intel-thread-checker/},
  edition =     {3.1}
}

@ARTICLE{crash-white-paper,
  TITLE =       {Red Hat Crash Utility: http://people.redhat.com/anderson/crash\_whitepaper/}
}

@BOOK{thinking-in-cpp,
   author = {Bruce Eckel \& Chuck Allison},
   title= {Thinking in C++},
   publisher = {MindView, Inc.},
   year = 2001
}

@ARTICLE{nettl-intro,
  title = {http://www.compute-aid.com/nettl.html}
}

@ARTICLE{nettl-man,
  title = {https://www.unix.com/man-page/hpux/1m/nettl/}
}

@ARTICLE{netfmt-man,
  title = {https://www.unix.com/man-page/hpux/1m/netfmt/}
}

@ARTICLE{bounds-checking-example,
  title = {http://williambader.com/bounds/example.html}
}

@BOOK{texbook,
   author = "Donald E. Knuth",
   title= "The {{\TeX}book}",
   publisher = "Addison-Wesley",
   year = 1984 }

% ------------------------------------------------------------------------

@ARTICLE{gdb-stl-support,
  TITLE =       {GDB STL Support Tools: http://sourceware.org/gdb/wiki/STLSupport}
}

@BOOK{debugging-with-gdb,
   author = {Richard Stallman, Roland H. Pesch, Stan Shebs},
   title = {Debugging with GDB: The GNU Source-Level Debugger},
   edition =     {9},
   publisher = {Free Software Foundation},
   year = 2002
}

@BOOK{gdb-pocket-ref,
   author = {Arnold Robbins},
   title = {GDB Pocket Reference},
   edition =     {1},
   publisher = {O'Reilly},
   year = 2005
}

@ARTICLE{obtain-sigsegv-stack,
  TITLE = {Obtaining a stack trace in C upon SIGSEGV:
      http://tlug.up.ac.za/wiki/index.php/Obtaining\_a\_stack\_trace\_in\_C\_upon\_SIGSEGV}
}
